
@thesis{ortlam_implementierung_2023,
	location = {Potsdam},
	title = {Implementierung und Evaluierung einer {API}-Abstraktion um eine simulatorunabhängige Zugsimulation zu ermöglichen},
	institution = {Hasso-Plattner-Institut, Universität Potsdam},
	type = {Bachelorarbeit},
	author = {Ortlam, Luke},
	date = {2023},
}

@thesis{persitzky_fehlerinjektion_2023,
	location = {Potsdam},
	title = {Fehlerinjektion als Methode zur Bewertung der Resilienz von simulierten Eisenbahnverkehrssystemen},
	institution = {Hasso-Plattner-Institut, Universität Potsdam},
	type = {Bachelorarbeit},
	author = {Persitzky, Anton},
	date = {2023},
}

@thesis{lietze_evaluierung_2023,
	location = {Potsdam},
	title = {Evaluierung und Anpassung von Routingalgorithmen für das Finden von nebenläufigen Routen zwischen Betriebsstellen am Beispiel einer Simulation des {LEAG}-Schienennetzes in der Lausitz},
	institution = {Hasso-Plattner-Institut, Universität Potsdam},
	type = {Bachelorarbeit},
	author = {Lietze, Max},
	date = {2023},
}

@thesis{reisener_entwurf_2023,
	location = {Potsdam},
	title = {Entwurf einer Software zum Aufzeichnen und Bewerten von Daten aus Simulationen von Zugverkehr am Beispiel des {LEAG}-Schienennetzes},
	institution = {Hasso-Plattner-Institut, Universität Potsdam},
	type = {Bachelorarbeit},
	author = {Reisener, Lucas},
	date = {2023},
}

@thesis{kamp_architektur_2023,
	location = {Potsdam},
	title = {Architektur und Entwicklung einer {REST}-{API} zur Simulation von Zugverkehr am Beispiel des {LEAG}-Schienennetzes in der Lausitz},
	institution = {Hasso-Plattner-Institut, Universität Potsdam},
	type = {Bachelorarbeit},
	author = {Kamp, Antony},
	date = {2023},
}

@book{gamma_design_1995,
	title = {Design Patterns Elements of Reusable Object-Oriented Software},
	isbn = {978-0-201-63361-0},
	shorttitle = {Design Patterns},
	publisher = {Addison-Wesley},
	author = {Gamma, Erich and Helm, Richard and Johnson, Ralph and Vlissides, John},
	date = {1995},
}

@online{skobeleva_factory_2023,
	title = {Factory Method},
	url = {https://refactoring.guru/design-patterns/factory-method},
	author = {Skobeleva, Olga and Shvets, Oleksandr},
	urldate = {2023-06-18},
	date = {2023},
	file = {Factory Method:/home/cr/snap/zotero-snap/common/Zotero/storage/9QIAYNVM/factory-method.html:text/html},
}

@online{skobeleva_mediator_2023,
	title = {Mediator},
	url = {https://refactoring.guru/design-patterns/mediator},
	author = {Skobeleva, Olga and Shvets, Oleksandr},
	urldate = {2023-06-18},
	date = {2023},
	file = {Mediator:/home/cr/snap/zotero-snap/common/Zotero/storage/GLFQTSPY/mediator.html:text/html},
}

@online{skobeleva_observer_2023,
	title = {Observer},
	url = {https://refactoring.guru/design-patterns/observer},
	author = {Skobeleva, Olga and Shvets, Oleksandr},
	urldate = {2023-06-18},
	date = {2023},
	file = {Observer:/home/cr/snap/zotero-snap/common/Zotero/storage/AMR687U9/observer.html:text/html},
}

@online{skobeleva_strategy_2023,
	title = {Strategy},
	url = {https://refactoring.guru/design-patterns/strategy},
	author = {Skobeleva, Olga and Shvets, Oleksandr},
	urldate = {2023-06-18},
	date = {2023},
	file = {Strategy:/home/cr/snap/zotero-snap/common/Zotero/storage/X24NVMFI/strategy.html:text/html},
}

@online{skobeleva_template_2023,
	title = {Template Method},
	url = {https://refactoring.guru/design-patterns/template-method},
	author = {Skobeleva, Olga and Shvets, Oleksandr},
	urldate = {2023-06-18},
	date = {2023},
	file = {Template Method:/home/cr/snap/zotero-snap/common/Zotero/storage/DBSX8CZ9/template-method.html:text/html},
}

@online{skobeleva_visitor_2023,
	title = {Visitor},
	url = {https://refactoring.guru/design-patterns/visitor},
	author = {Skobeleva, Olga and Shvets, Oleksandr},
	urldate = {2023-06-18},
	date = {2023},
	file = {Visitor:/home/cr/snap/zotero-snap/common/Zotero/storage/UBVPH3TY/visitor.html:text/html},
}

@online{hertzer_eisenbahner_2018,
	title = {Eisenbahner im Lausitzer Revier {\textbar} {LEAG} Blog},
	url = {https://www.leag.de/de/seitenblickblog/artikel/eisenbahnerin-im-lausitzer-revier/},
	author = {Hertzer, Daniela},
	urldate = {2023-06-18},
	date = {2018-11-20},
	file = {Eisenbahner im Lausitzer Revier | LEAG Blog:/home/cr/snap/zotero-snap/common/Zotero/storage/2DBVF5B8/eisenbahnerin-im-lausitzer-revier.html:text/html},
}

@online{noauthor_tagebau_2023,
	title = {Tagebau Lausitz {\textbar} Geschäftsfeld Bergbau {\textbar} {LEAG}},
	url = {https://www.leag.de/de/geschaeftsfelder/bergbau/},
	urldate = {2023-06-18},
	date = {2023},
	file = {Tagebau Lausitz | Geschäftsfeld Bergbau | LEAG:/home/cr/snap/zotero-snap/common/Zotero/storage/XATYD2HQ/bergbau.html:text/html},
}

@online{rbb_hpi_2022,
	title = {{HPI} prüft Kohlestrecken in der Lausitz für Personenzugverkehr},
	url = {https://www.rbb24.de/studiocottbus/panorama/2022/07/lausitz-schienen-kohle-streckennetz-zugverkehr-leag-hpi-konzept.html},
	abstract = {rbb{\textbar}24 ist das multimediale Nachrichtenportal für Berlin und Brandenburg. Nachrichten und Hintergrundberichte zu allen wichtigen Themen aus Politik, Wirtschaft, Kultur, Sport und Panorama.},
	author = {{rbb}},
	urldate = {2023-06-18},
	date = {2022-07-15},
	langid = {german},
	file = {Snapshot:/home/cr/snap/zotero-snap/common/Zotero/storage/ZKFJSQUC/lausitz-schienen-kohle-streckennetz-zugverkehr-leag-hpi-konzept.html:text/html},
}

@online{hasso_plattner_institut_flexidug_2022,
	title = {{FlexiDug}: Neue Perspektiven für das Lausitzer Werkbahnnetz},
	url = {https://hpi.de/news/jahrgaenge/2022/flexidug-neue-perspektiven-fuer-das-lausitzer-werkbahnnetz.html},
	shorttitle = {{FlexiDug}},
	abstract = {Das Verbundprojekt will bis 2024 ein Konzept für den Ausbau des Schienenpersonennahverkehrs in der Braunkohleregion entwickeln.},
	author = {{Hasso Plattner Institut}},
	urldate = {2023-06-18},
	date = {2022-07-13},
	langid = {german},
	file = {Snapshot:/home/cr/snap/zotero-snap/common/Zotero/storage/A6P52228/flexidug-neue-perspektiven-fuer-das-lausitzer-werkbahnnetz.html:text/html},
}

@online{btu_flexidug_2022,
	title = {{FlexiDug}},
	url = {https://www.b-tu.de/fg-betriebssysteme/forschung/drittmittelgefoerderte-projekte/flexidug},
	author = {{BTU}},
	urldate = {2023-06-18},
	date = {2022-10-22},
	langid = {german},
	file = {Snapshot:/home/cr/snap/zotero-snap/common/Zotero/storage/CYM8R8AN/flexidug.html:text/html},
}

@online{polze_bachelorprojekt_2022,
	title = {Bachelorprojekt 2022/2023 mit der {DB} Systel: {FlexiDug} – neue Verkehrsspinnen für die Lausitz},
	url = {https://osm.hpi.de/bp/2022-2023},
	shorttitle = {Bachelorprojekt 2022/2023 mit der {DB} Systel},
	abstract = {Prof. Dr. Andreas Polze Betreuung {HPI}: Arne Boockmeyer, Lukas Pirl Betreuung {DB} Systel: Ingo Schwarzer (Fellow, Chief Digitalist) Henry Hübler (Projektleiter, agile Coach) {TL};{DR} Der Kohleausstieg steht bevor, doch ohne eine Nachnutzung verfällt die Infrastruktur in der Lausitz. Das vom {BMDV} geförderte Projekt {FlexiDug} (Forschungsprojekt gemeinsam {DB} Systel, der …},
	titleaddon = {Operating Systems and Middleware},
	author = {Polze, Andreas},
	urldate = {2023-06-18},
	date = {2022},
	langid = {german},
	file = {Snapshot:/home/cr/snap/zotero-snap/common/Zotero/storage/GY7HCU6N/2022-2023.html:text/html},
}

@online{noauthor_what_2023,
	title = {What is Object/Relational Mapping? - Hibernate {ORM}},
	url = {https://hibernate.org/orm/what-is-an-orm/},
	shorttitle = {What is Object/Relational Mapping?},
	abstract = {Idiomatic persistence for Java and relational databases.},
	titleaddon = {Hibernate},
	urldate = {2023-06-18},
	date = {2023},
	langid = {english},
	file = {Snapshot:/home/cr/snap/zotero-snap/common/Zotero/storage/W4NE3UF3/what-is-an-orm.html:text/html},
}

@article{ireland_understanding_2009,
	title = {Understanding Object-Relational Mapping: A Framework Based Approach},
	volume = {2},
	url = {https://citeseerx.ist.psu.edu/document?repid=rep1&type=pdf&doi=35eefea817172677f03b12baa2916060957cfb23#page=38},
	pages = {202--216},
	author = {Ireland, Christopher and Bowers, David and Newton, Michael and Waugh, Kevin},
	date = {2009},
}

@online{noauthor_quickstart_2023,
	title = {Quickstart — peewee 3.16.2 documentation},
	url = {https://docs.peewee-orm.com/en/latest/peewee/quickstart.html#model-definition},
	urldate = {2023-06-18},
	date = {2023},
	file = {Quickstart — peewee 3.16.2 documentation:/home/cr/snap/zotero-snap/common/Zotero/storage/Y8NTVX5M/quickstart.html:text/html},
}

@online{leifer_coleiferpeewee_2023,
	title = {coleifer/peewee: a small, expressive orm -- supports postgresql, mysql and sqlite},
	url = {https://github.com/coleifer/peewee},
	author = {Leifer, Charles},
	urldate = {2023-06-18},
	date = {2023},
	file = {coleifer/peewee\: a small, expressive orm -- supports postgresql, mysql and sqlite:/home/cr/snap/zotero-snap/common/Zotero/storage/5QMV8VI9/peewee.html:text/html},
}

@online{noauthor_sqlalchemy_2023,
	title = {{SQLAlchemy}},
	url = {https://www.sqlalchemy.org},
	abstract = {The Database Toolkit for Python},
	urldate = {2023-06-19},
	date = {2023},
	langid = {english},
	file = {Snapshot:/home/cr/snap/zotero-snap/common/Zotero/storage/U6A6T4Z2/www.sqlalchemy.org.html:text/html},
}

@online{paschotta_kohle_2023,
	title = {Kohle},
	url = {https://www.energie-lexikon.info/kohle.html},
	abstract = {Kohle ist ein fester fossiler Brennstoff, der durch Karbonisierung von Pflanzenresten in geologischen Zeiten entstanden ist. Ihre Verbrennung ist in hohem Maße klimaschädlich.},
	author = {Paschotta, Dr Rüdiger},
	urldate = {2023-06-19},
	date = {2023-04-23},
	langid = {german},
	file = {Snapshot:/home/cr/snap/zotero-snap/common/Zotero/storage/BH28GKW8/kohle.html:text/html},
}

@thesis{groger_simulation_2002,
	location = {Aachen},
	title = {Simulation der Fahrplanerstellung auf der Basis eines hierarchischen Trassenmanagements und Nachweis der Stabilität der Betriebsabwicklung},
	pagetotal = {181},
	institution = {Publikationsserver der {RWTH} Aachen University},
	type = {phdthesis},
	author = {Gröger, Thomas Andreas and Schwanhäußer, Wulf},
	date = {2002},
	note = {Medium: online, print},
	keywords = {Betriebssimulation, Eisenbahnbetriebswissenschaft, Fahrplanerstellung, Handel, Kommunikation, Verkehr},
}

@online{noauthor_eclipse_nodate,
	title = {Eclipse {SUMO} - Simulation of Urban {MObility}},
	url = {https://www.eclipse.org/sumo/},
	abstract = {Open source, microscopic and continuous multi-modal traffic simulation package},
	titleaddon = {Eclipse {SUMO} - Simulation of Urban {MObility}},
	urldate = {2023-06-21},
	langid = {english},
	file = {Snapshot:/home/cr/snap/zotero-snap/common/Zotero/storage/35UVUGEN/sumo.html:text/html},
}

@software{noauthor_interlocking_2023,
	title = {interlocking},
	url = {https://github.com/simulate-digital-rail/interlocking},
	abstract = {python implementation of interlocking logic},
	publisher = {Simulate Digital Rail},
	urldate = {2023-06-21},
	date = {2023-01-24},
	note = {original-date: 2023-01-24T16:25:25Z},
}

@online{noauthor_bundesapismard-api_nodate,
	title = {{bundesAPI}/smard-api},
	url = {https://github.com/bundesAPI/smard-api},
	abstract = {Contribute to {bundesAPI}/smard-api development by creating an account on {GitHub}.},
	titleaddon = {{GitHub}},
	urldate = {2023-06-22},
	langid = {english},
	file = {Snapshot:/home/cr/snap/zotero-snap/common/Zotero/storage/964HPNEB/smard-api.html:text/html},
}

@online{noauthor_smard_nodate,
	title = {{SMARD} {\textbar} Regelzone},
	url = {https://www.smard.de/page/home/wiki-article/446/205156},
	urldate = {2023-06-22},
	file = {SMARD | Regelzone:/home/cr/snap/zotero-snap/common/Zotero/storage/BS643ETC/205156.html:text/html},
}

@online{noauthor_bundesnetzagentur_nodate,
	title = {Bundesnetzagentur - Kraftwerksliste},
	url = {https://www.bundesnetzagentur.de/DE/Sachgebiete/ElektrizitaetundGas/Unternehmen_Institutionen/Versorgungssicherheit/Erzeugungskapazitaeten/Kraftwerksliste/kraftwerksliste-node.html},
	urldate = {2023-06-22},
	file = {Bundesnetzagentur - Kraftwerksliste:/home/cr/snap/zotero-snap/common/Zotero/storage/GPW48DEG/kraftwerksliste-node.html:text/html},
}

@online{noauthor_signals_nodate,
	title = {Signals in Godot},
	url = {https://gdscript.com/solutions/signals-godot/#global-event-bus},
	urldate = {2023-06-23},
	file = {Signals in Godot:/home/cr/snap/zotero-snap/common/Zotero/storage/UF53Y95E/signals-godot.html:text/html},
}

@online{noauthor_braunkohle_nodate,
	title = {Braunkohle},
	url = {http://brandenburg.de/de/bb1.c.478774.de},
	abstract = {Die Braunkohle ist seit mehr als 150 Jahren der wichtigste einheimische Energierohstoff.},
	titleaddon = {Ministerium für Wirtschaft, Arbeit und Energie ({MWE})},
	urldate = {2023-07-03},
	langid = {german},
	file = {Snapshot:/home/cr/snap/zotero-snap/common/Zotero/storage/QQVIVRND/bb1.c.478774.html:text/html},
}
